@misc{torproject,
  title = {{TOR} project},
  author = {{The Tor Project, Inc}},
  note = {\url{https://www.torproject.org/}},
}
@inproceedings{churnMagnienBenamara,
  author = {Lamia Benamara and Cl\'emence Magnien},
  year={2010},
  title={Estimating properties in dynamic systems: the case of churn in {P2P} networks},
  booktitle = {Second International Workshop on Network Science for
    Communication Networks ({NetSciSom} 2010), in conjuction with {IEEE INFOCOM}},
}
@inproceedings{cholez2010,
    hal_id = {inria-00490347},
    url = {http://hal.inria.fr/inria-00490347/en/},
    title = {{Monitoring and Controlling Content Access in KAD}},
    author = {Cholez, Thibault and Chrisment, Isabelle and Festor, Olivier},
    abstract = {{We propose a new distributed architecture that aims to investigate and control the spread of contents in the KAD P2P network through the indexation of keywords and files. Our solution can control the DHT at a local level with a new strategy bypassing the Sybil attack protections inserted in KAD. For the targeted DHT entries, we can monitor all requests emitted by the peers, from the initial content publication or search, to the final download request of fake files, assessing accurately peers interest to access it. We demonstrate the efficiency of our approach through experiments performed on the worldwide KAD network.}},
    keywords = {P2P networks; DHT; Sybil attack; Honeypot; KAD},
    language = {Anglais},
    affiliation = {MADYNES - INRIA Lorraine - LORIA - INRIA - CNRS : UMR7503 - Universit{\'e} Henri Poincar{\'e} - Nancy I - Universit{\'e} Nancy II - Institut National Polytechnique de Lorraine},
    booktitle = {{International Conference on Communications - ICC 2010}},
    address = {Capetown, Afrique Du Sud},
    organization = {IEEE},
    audience = {internationale },
    year = {2010},
    month = May,
    pdf = {http://hal.inria.fr/inria-00490347/PDF/ICC10-Monitoring\_KAD\_Contents-Cholez.pdf},
}

@misc{wikipediaedonkey,
  title = {{EDonkey} network},
  author = {Wikipedia},
  note = {\url{http://en.wikipedia.org/wiki/EDonkey_network}},
  key = {EDonkey},
}

@inproceedings{edonkey,
  author    = {Oliver Heckmann and
               Axel Bock and
               Andreas Mauthe and
               Ralf Steinmetz},
  title     = {The {eDonkey} File-Sharing Network},
  booktitle = {GI Jahrestagung (2)},
  year      = {2004},
  pages     = {224-228},
  ee        = {http://subs.emis.de/LNI/Proceedings/Proceedings51/article3246.html},
  crossref  = {DBLP:conf/gi/2004-2},
  bibsource = {DBLP, http://dblp.uni-trier.de}
}

@proceedings{DBLP:conf/gi/2004-2,
  editor    = {Peter Dadam and
               Manfred Reichert},
  title     = {INFORMATIK 2004 - Informatik verbindet, Band 2, Beitr{\"a}ge
               der 34. Jahrestagung der Gesellschaft f{\"u}r Informatik
               e.V. (GI), Ulm, 20.-24. September 2004},
  booktitle = {GI Jahrestagung (2)},
  publisher = {GI},
  series    = {LNI},
  volume    = {51},
  year      = {2004},
  isbn      = {3-88579-380-6},
  bibsource = {DBLP, http://dblp.uni-trier.de}
}

