@article{blecic98,
title = {Using Transaction Log Analysis to Improve {OPAC} Retrieval Results},
author = {Blecic, Deborah D. and Bangalore, Nirmala S. and Dorsch, Josephine L.
  and Henderson, Cynthia L. and Koenig, Melissa H. and Weller, Ann C.},
journal = {College and Research Libraries},
volume = {59},
number = {1},
pages = {39-50},
year = {1998}
}

@book{hancock90,
  title={Evaluation of Online Catalogues: An Assessment of Methods},
  author={Hancock-Beaulieu, M. and Robertson, S. and Neilson, C. and British Library. Research and Development Dept},
  isbn={9780712332262},
  lccn={gb90016449},
  issn={0269-9257},
  series={British Library Research Paper},
  url={http://books.google.fr/books?id=BgaRQgAACAAJ},
  year={1990},
  publisher={British Library Research and Development Department}
}

